<record xmlns:xsi="http://www.w3.org/2001/XMLSchema-instance" xmlns="http://www.loc.gov/MARC21/slim" xsi:schemaLocation="http://www.loc.gov/MARC21/slim http://www.loc.gov/standards/marcxml/schema/MARC21slim.xsd">

  <leader>00510nam a2200169Ia 4500</leader>
  <datafield ind2=" " tag="999" ind1=" ">
    <subfield code="c">1233</subfield>
    <subfield code="d">1233</subfield>
  </datafield>
  <controlfield tag="008">170519b2001    us a|||| |||| 00| | spa d</controlfield>
  <datafield ind1=" " tag="090" ind2=" ">
    <subfield code="a">01.04.06 </subfield>
    <subfield code="b">1739</subfield>
  </datafield>
  <datafield ind2=" " tag="110" ind1="2">
    <subfield code="9">569</subfield>
    <subfield code="a">UNICEF</subfield>
  </datafield>
  <datafield ind2="0" tag="245" ind1="1">
    <subfield code="a">Reestablecer la esperanza en el Afganistán  / </subfield>
    <subfield code="c">UNICEF</subfield>
  </datafield>
  <datafield ind1=" " tag="260" ind2=" ">
    <subfield code="a">New York,  US: </subfield>
    <subfield code="b">Fondo de las Naciones Unidas para la Infancia, </subfield>
    <subfield code="c">2001</subfield>
  </datafield>
  <datafield tag="300" ind2=" " ind1=" ">
    <subfield code="a">42 páginas;</subfield>
    <subfield code="b">ilustraciones</subfield>
  </datafield>
  <datafield ind1="1" tag="650" ind2="4">
    <subfield code="a">POBLACIÓN</subfield>
    <subfield code="9">78</subfield>
  </datafield>
  <datafield ind1="1" tag="650" ind2="4">
    <subfield code="a">NIÑOS</subfield>
    <subfield code="9">59</subfield>
  </datafield>
  <datafield tag="650" ind2="4" ind1="1">
    <subfield code="a">NIÑAS</subfield>
    <subfield code="9">60</subfield>
  </datafield>
  <datafield ind1=" " ind2="4" tag="651">
    <subfield code="a">AFGANISTÁN</subfield>
    <subfield code="9">2770</subfield>
  </datafield>
  <datafield ind2=" " tag="942" ind1=" ">
    <subfield code="2">z</subfield>
    <subfield code="c">01</subfield>
  </datafield>
</record>